<record><leader>00000cas a22000007a 4500</leader><controlfield tag="001">9352919</controlfield><controlfield tag="008">830328d198u198uazuwr ne      0   a0eng d</controlfield><datafield ind1=" " ind2=" " tag="010"><subfield code="a">sn 83007220 </subfield></datafield><datafield ind1=" " ind2=" " tag="040"><subfield code="a">NSD</subfield><subfield code="b">eng</subfield><subfield code="c">NSD</subfield><subfield code="d">OCLCQ</subfield></datafield><datafield ind1=" " ind2=" " tag="012"><subfield code="j">0</subfield><subfield code="m">d</subfield></datafield><datafield ind1="1" ind2=" " tag="022"><subfield code="a">0745-6670</subfield><subfield code="l">0745-6670</subfield><subfield code="2">1</subfield></datafield><datafield ind1=" " ind2=" " tag="032"><subfield code="a">693650</subfield><subfield code="b">USPS</subfield></datafield><datafield ind1=" " ind2=" " tag="037"><subfield code="b">Black Canyon Express, POB 1569, Cave Creek, AZ 85331</subfield></datafield><datafield ind1=" " ind2=" " tag="042"><subfield code="a">nsdp</subfield></datafield><datafield ind1=" " ind2="0" tag="222"><subfield code="a">Black Canyon express</subfield></datafield><datafield ind1="0" ind2="0" tag="245"><subfield code="a">Black Canyon express.</subfield></datafield><datafield ind1=" " ind2=" " tag="260"><subfield code="a">[Cave Creek, Ariz. :</subfield><subfield code="b">Brady-Coghlan Publications]</subfield></datafield><datafield ind1=" " ind2=" " tag="310"><subfield code="a">Weekly</subfield></datafield><datafield ind1=" " ind2=" " tag="580"><subfield code="a">Merged with: Pinnacle Peak/Rio Verde view, and: Black Mountain news (Cave Creek, Ariz.), to form: Foothills sentinel.</subfield></datafield><datafield ind1=" " ind2=" " tag="588"><subfield code="a">Description based on: Vol. 2, no. 34 (Thursday, Feb. 24, 1983).</subfield></datafield><datafield ind1=" " ind2=" " tag="752"><subfield code="a">United States</subfield><subfield code="b">Arizona</subfield><subfield code="c">Maricopa</subfield><subfield code="d">Cave Creek.</subfield></datafield><datafield ind1="1" ind2="7" tag="785"><subfield code="t">Pinnacle Peak/Rio Verde view</subfield></datafield><datafield ind1="1" ind2="7" tag="785"><subfield code="t">Black Mountain news (Cave Creek, Ariz.)</subfield></datafield><datafield ind1="1" ind2="7" tag="785"><subfield code="t">Foothills sentinel</subfield><subfield code="x">8750-3026</subfield></datafield><datafield ind1=" " ind2=" " tag="936"><subfield code="a">Feb. 24, 1983</subfield></datafield></record>